<?xml version="1.0" encoding="UTF-8"?><collection xmlns="http://www.loc.gov/MARC21/slim"><record><leader>03234nam a22004575i 4500</leader><controlfield tag="001">017420465</controlfield><controlfield tag="003">DE-He213</controlfield><controlfield tag="005">20200118201229.0</controlfield><controlfield tag="006">m        u        </controlfield><controlfield tag="007">cr nn 008mamaa</controlfield><controlfield tag="008">200114s2020    gw |    o    |||| 0|eng d</controlfield><datafield ind1="f" ind2="f" tag="999"><subfield code="i">24647e2b-8d2a-4371-8aa7-5588fc347cf8</subfield><subfield code="s">1b45b163-af6c-4908-9850-35600ee39e7f</subfield></datafield><datafield ind1=" " ind2=" " tag="FMT" /><datafield ind1=" " ind2=" " tag="020"><subfield code="a">9783030293185</subfield></datafield><datafield ind1="7" ind2=" " tag="024"><subfield code="a">10.1007/978-3-030-29318-5</subfield><subfield code="2">doi</subfield></datafield><datafield ind1="9" ind2=" " tag="035"><subfield code="a">(MHSPREB)978-3-030-29318-5</subfield></datafield><datafield ind1=" " ind2="4" tag="050"><subfield code="a">PN1560-1590</subfield></datafield><datafield ind1="0" ind2="4" tag="082"><subfield code="a">790</subfield><subfield code="2">23</subfield></datafield><datafield ind1="1" ind2=" " tag="100"><subfield code="a">Alexandrowicz, Conrad.</subfield><subfield code="e">author.</subfield><subfield code="4">aut</subfield><subfield code="4">http://id.loc.gov/vocabulary/relators/aut</subfield></datafield><datafield ind1="1" ind2="0" tag="245"><subfield code="a">Acting Queer :</subfield><subfield code="b">Gender Dissidence and the Subversion of Realism /</subfield><subfield code="c">by Conrad Alexandrowicz.</subfield></datafield><datafield ind1=" " ind2=" " tag="250"><subfield code="a">1st ed. 2020.</subfield></datafield><datafield ind1=" " ind2="1" tag="264"><subfield code="a">Cham :</subfield><subfield code="b">Springer International Publishing :</subfield><subfield code="b">Imprint: Palgrave Macmillan,</subfield><subfield code="c">2020.</subfield></datafield><datafield ind1=" " ind2=" " tag="300"><subfield code="a">IX, 224 p.</subfield><subfield code="b">online resource.</subfield></datafield><datafield ind1=" " ind2=" " tag="336"><subfield code="a">text</subfield><subfield code="b">txt</subfield><subfield code="2">rdacontent</subfield></datafield><datafield ind1=" " ind2=" " tag="337"><subfield code="a">computer</subfield><subfield code="b">c</subfield><subfield code="2">rdamedia</subfield></datafield><datafield ind1=" " ind2=" " tag="338"><subfield code="a">online resource</subfield><subfield code="b">cr</subfield><subfield code="2">rdacarrier</subfield></datafield><datafield ind1=" " ind2=" " tag="347"><subfield code="a">text file</subfield><subfield code="b">PDF</subfield><subfield code="2">rda</subfield></datafield><datafield ind1="0" ind2=" " tag="505"><subfield code="a">1. Introduction: 'Straight-looking, Straight-acting' -- 2. 'You're Soaking in It': the Influence of Hollywood -- 3. Gender Dissidence and Its Prohibitions -- 4. Gendered Movement and "Physical' Acting -- 5. The Subversion of Realism -- 6. Queer-looking, Queer-acting -- 7. Extensions and Excursions: Acting Queer Ecology.</subfield></datafield><datafield ind1=" " ind2=" " tag="520"><subfield code="a">This book is situated at the intersection of queer/gender studies and theories of acting pedagogy and performance. It explores the social and cultural matrix in which matters of gender are negotiated, including that of post-secondary theatre and drama education. It identifies the predicament of gender dissident actors who must contend with the widespread enforcement of realist paradigms within the academy, and proposes a re-imagining of the way drama/theatre/performance are practised in order to serve more fairly and effectively the needs of queer actors in training. This is located within a larger project of critique in reference to the art form as a whole. The book stimulates discussion among practitioners and scholars on matters concerning various kinds of diversity: of gender expression, of approaches to the teaching of acting, and to the way the art form may be imagined and executed in the early years of the 21st Century, in particular in the face of the climate crisis. But it is also an aid to practitioners who are seeking new theoretical and practical approaches to dealing with gender diversity in acting pedagogy. .</subfield></datafield><datafield ind1=" " ind2="0" tag="650"><subfield code="a">Performing arts.</subfield></datafield><datafield ind1=" " ind2="0" tag="650"><subfield code="a">Theater.</subfield></datafield><datafield ind1=" " ind2="0" tag="650"><subfield code="a">Actors.</subfield></datafield><datafield ind1=" " ind2="0" tag="650"><subfield code="a">Queer theory.</subfield></datafield><datafield ind1=" " ind2="0" tag="650"><subfield code="a">Gender identity.</subfield></datafield><datafield ind1="1" ind2="4" tag="650"><subfield code="a">Performing Arts.</subfield><subfield code="0">http://scigraph.springernature.com/things/product-market-codes/415030</subfield></datafield><datafield ind1="2" ind2="4" tag="650"><subfield code="a">Contemporary Theatre.</subfield><subfield code="0">http://scigraph.springernature.com/things/product-market-codes/415040</subfield></datafield><datafield ind1="2" ind2="4" tag="650"><subfield code="a">Performers and Practitioners.</subfield><subfield code="0">http://scigraph.springernature.com/things/product-market-codes/415090</subfield></datafield><datafield ind1="2" ind2="4" tag="650"><subfield code="a">Queer Theory.</subfield><subfield code="0">http://scigraph.springernature.com/things/product-market-codes/X35020</subfield></datafield><datafield ind1="2" ind2="4" tag="650"><subfield code="a">Gender and Sexuality.</subfield><subfield code="0">http://scigraph.springernature.com/things/product-market-codes/X35010</subfield></datafield><datafield ind1=" " ind2="7" tag="655"><subfield code="a">Electronic books.</subfield><subfield code="2">local.</subfield></datafield><datafield ind1="2" ind2=" " tag="710"><subfield code="a">SpringerLink (Online service)</subfield></datafield><datafield ind1="0" ind2=" " tag="773"><subfield code="t">Springer eBooks</subfield></datafield></record></collection>